2864 4736
480 1432 873 1499 Prrnmunrlo.

627 1666 748 1687 ἡ

235 1907 346 1972 Plures
370 1905 436 1990 jam
462 1908 559 1990 elapsi
586 1915 658 1972 sunt
688 1909 776 1992 anui,
800 1928 840 1973 ex
872 1927 931 1993 quo
963 1906 1101 1990 opusculi
1132 1902 1224 1988 hujus

138 2017 323 2100 redemptor,
344 2018 402 2083 Vir
421 2018 661 2101 honestissimus,
681 2019 714 2082 in
727 2038 784 2082 sua
804 2018 895 2083 etiam
914 2037 949 2082 re
970 2024 1115 2099 expertus
1136 2034 1226 2101 quarn

133 2126 245 2193 iuncus
267 2133 299 2191 et
326 2127 444 2193 inutilis
475 2129 515 2192 sit
544 2131 706 2217 catalogus
728 2128 982 2211 Adelungiauus,
1007 2147 1026 2191 a
1056 2146 1104 2191 me
1127 2126 1224 2210 petiit

134 2242 168 2301 ut
198 2245 376 2305 accuratum
402 2238 552 2303 libranum
583 2236 811 2308 senskrttorum
839 2237 969 2303 inlicem
1001 2237 1225 2303 concinnarem·

133 2345 240 2429 Neque
261 2365 309 2409 me
330 2347 432 2429 latuit,
456 2366 496 2411 ex
516 2347 666 2431 ejusmodi
687 2346 795 2411 labore
816 2346 875 2410 rite
897 2353 1038 2428 suscepto
1059 2345 1141 2413 baud
1161 2365 1225 2409 me-

134 2454 268 2519 diocrem
298 2456 462 2523 utilitatem
493 2456 527 2520 in
562 2458 661 2539 ipsum
696 2457 855 2523 literarum
886 2456 1058 2523 Indicorum
1094 2455 1227 2523 studium

132 2584 224 2651 posse
247 2567 439 2649 redundare,
469 2568 533 2632 tale
558 2573 657 2631 autem
686 2587 780 2649 opus,
819 2567 899 2652 quoi
931 2573 1034 2650 utpote
1062 2564 1225 2629 umbratile

132 2695 190 2741 nec
211 2675 338 2760 iugenio
358 2677 537 2745 liberaliore
560 2678 686 2759 dignum
706 2677 846 2763 plerique
865 2676 947 2763 iique
967 2675 1100 2757 imperiti
1121 2682 1225 2739 conte·

131 2803 236 2853 maere
257 2788 367 2868 solent,
389 2786 446 2850 uix
467 2788 543 2852 bene
564 2787 673 2855 conici
693 2806 793 2868 posse,
815 2785 876 2853 nisi
896 2787 935 2853 ab
959 2804 1006 2866 eo,
1028 2785 1080 2870 qui
1098 2784 1225 2866 linguae
1260 2868 1266 2880 ⁴

131 2911 295 2979 rerumque
317 2894 507 2979 aliquantum
528 2901 608 2958 esset
630 2913 764 2976 guarus3
787 2893 867 2979 quod
890 2901 1049 2979 utrumque
1070 2893 1103 2963 in
1123 2892 1224 2959 literis
1290 2902 1295 2915 ·

132 3005 276 3073 Arabicis
299 3004 415 3071 illustri
444 3025 500 3071 suo
520 3007 661 3089 exemplo
684 3005 757 3070 olim
776 3003 987 3086 comprobavit
1009 3003 1056 3071 cl.
1078 3004 1224 3077 sensuu-

132 3134 235 3180 rerus.
286 3114 436 3196 imprimis
466 3132 542 3179 vero
571 3120 680 3179 nostra
702 3114 852 3179 interesse
883 3132 1048 3197 persuasus
1076 3131 1159 3193 sum,
1190 3117 1224 3177 ut

129 3222 281 3289 librorum
304 3222 373 3304 ipsa
394 3223 430 3287 in·
454 3223 544 3287 lnrlia
565 3222 647 3305 typis
678 3222 921 3306 exscriptorum,
952 3240 1079 3308 quorum
1106 3220 1226 3302 copiam

130 3330 213 3397 baud
235 3331 396 3414 exiguam,
419 3338 453 3397 at
471 3331 560 3399 nobis
581 3333 647 3399 fere
665 3331 862 3417 incognitam,
885 3331 924 3397 ab
948 3329 1103 3414 indigenis
1125 3329 1222 3394 doctis

133 3450 271 3509 curatam
293 3460 393 3527 neque
415 3447 517 3506 tamen
538 3442 660 3524 publice
683 3441 897 3513 venumdatum
920 3460 986 3505 esse
1008 3445 1145 3522 constat,
1167 3459 1224 3502 no·

131 3551 232 3617 titiam
251 3550 424 3615 uberiorem
451 3551 616 3635 aliquando
640 3550 861 3619 nanciscamur.
905 3551 944 3617 llt
973 3549 1044 3615 huic
1072 3547 1223 3617 desiderio

6 3724 7 3749 1
132 3662 281 3744 sonmo,
303 3662 509 3727 necessarium
532 3681 598 3725 esse
623 3660 723 3746 quivis
752 3660 923 3743 intelliget,
945 3668 980 3727 ut
1002 3666 1093 3727 anteo
1115 3658 1224 3726 editio-

130 3791 186 3835 nes
207 3790 290 3835 nnnc
310 3771 398 3835 nobis
417 3777 511 3837 notae
533 3777 748 3833 enumerentur
769 3777 800 3833 et
821 3770 1052 3846 describantur3
1081 3769 1126 3837 ita
1145 3769 1225 3835 eninr

128 3881 341 3964 torpetem,
365 3887 400 3944 ut
422 3882 503 3947 forte
523 3879 633 3962 aliquis
660 3878 769 3943 barum
795 3897 898 3942 rerum
926 3878 959 3943 in
979 3878 1068 3945 ludio
1096 3877 1224 3942 investi-

6 3974 7 3981 *
131 3996 226 4073 gater
246 3991 287 4056 etl
309 3995 446 4055 nostram
466 4007 571 4055 earum
593 3988 799 4071 cognitionem
818 3989 1069 4069 ‘locupletandam
1091 3988 1224 4052 adduca-

129 4105 192 4167 tur.
234 4101 342 4184 boone
361 4105 504 4184 srucepto
532 4098 566 4165 in
588 4117 637 4167 me
665 4095 773 4183 labore
803 4097 891 4179 coepi
920 4096 1102 4181 pedetentim
1133 4103 1225 4179 prout

424 4272 742 4418 ‘necessa
