2864 4736
634 378 864 432 ...ῃ-

207 554 264 619 brm
286 556 383 638 meis,
407 574 498 639 qnam
524 555 598 620 mihi
620 557 660 620 nd
688 575 754 621 enm
783 557 883 620 aditos
911 558 977 621 lere
1006 557 1184 640 praeclusos
1208 561 1298 638 esset,

210 667 371 730 amodum
392 667 552 730 adversae.

307 777 391 843 llaec
409 776 507 859 igitur
529 775 631 859 operis
650 796 717 841 inea
739 778 850 842 lacuna
872 783 922 841 est
939 795 1037 860 neque
1058 795 1097 842 ee
1117 778 1194 840 solo.
1235 777 1297 840 lle·

208 996 334 1061 rutubis
354 1015 415 1059 ncn
437 995 482 1061 nti
510 997 637 1062 decebat
664 1003 809 1062 accurate
840 996 1013 1060 describere
1040 1014 1176 1078 possem,
1197 995 1299 1059 eciem
1420 1056 1421 1067 ,

209 1106 453 1188 praetermittere
487 1111 612 1170 coactus
646 1107 700 1171 fni.
753 1107 895 1190 Exempli
928 1124 1022 1172 causo
1053 1106 1176 1169 nomino
1211 1108 1298 1169 locos
1420 1116 1421 1119 ’

207 1213 458 1298 pbilosophorum
475 1215 508 1279 in
529 1215 790 1281 Windischmonni
811 1215 902 1299 libro,
925 1235 1012 1300 quem
1033 1216 1070 1279 de
1084 1214 1298 1298 philosophiae

203 1322 337 1389 historia
356 1325 543 1408 composuit,
575 1326 675 1390 acu.
697 1328 844 1389 Luscenio
870 1331 901 1388 ct
928 1327 1199 1390 Wrnnrscnnarno
1232 1323 1298 1388 nun

208 1450 384 1497 conversos
426 1433 660 1499 Desiderabitnr
679 1434 787 1529 classis
815 1416 965 1499 librorum
992 1432 1235 1514 linddbicornm,
1259 1435 1298 1498 de

209 1542 320 1625 quibus
334 1540 413 1607 nihil
433 1541 545 1607 afferre
567 1543 742 1624 periissem,
764 1543 824 1607 nisi
844 1544 931 1606 locos
951 1542 1088 1626 qrnscl.
1099 1543 1298 1606 Bneronrrns

208 1650 243 1717 in
264 1644 395 1715 historin
414 1650 592 1717 Bnddblsmi
616 1652 784 1728 transtulit
804 1671 874 1716 nam
896 1652 1029 1715 incertus
1053 1650 1148 1730 haesi,
1171 1671 1210 1715 an
1232 1652 1299 1734 ejus

209 1760 333 1843 generis
353 1760 433 1824 liber
453 1780 551 1842 unus,
573 1781 660 1844 quem
680 1761 711 1824 in
735 1761 887 1844 catalogis
907 1764 989 1826 inter
1018 1762 1194 1826 sanshritos
1214 1764 1298 1827 rela-

100 1904 103 1907 ·
206 1875 271 1933 tum
290 1867 635 1954 lacrumantumque
656 1872 712 1933 etsi
737 1872 809 1936 data
830 1889 925 1953 opera
947 1872 1108 1956 acquirere
1129 1878 1298 1953 potueram,

208 1979 333 2062 vulgari
354 1979 459 2063 aliqua
478 1980 588 2063 lingna
616 1978 807 2063 conscriphrs
832 1988 922 2046 esset.
975 1984 1079 2065 Neque
1108 1983 1297 2066 negaverim,

209 2089 313 2153 deesse
334 2089 426 2153 etiam
446 2089 545 2153 libros
566 2092 730 2154 nonnullos
751 2109 884 2157 revera
907 2088 1016 2171 editos,
1037 2109 1165 2173 qnorum
1177 2090 1298 2175 quidem

207 2200 314 2263 titulos
344 2218 407 2262 non
432 2198 599 2281 ignoravi,
620 2200 675 2264 sed
704 2199 742 2264 dc
769 2199 895 2284 quibus,
922 2199 1034 2274 idoneo
1062 2201 1223 2265 destitutus
1243 2221 1298 2266 au·
1421 2260 1422 2273 ,

208 2318 307 2392 etcre,
329 2311 463 2373 fortasse
483 2309 563 2374 male
590 2309 738 2375 dubitavi.
780 2310 882 2376 litiani
911 2309 1125 2392 inscriptiones
1150 2317 1298 2394 quotquot
1421 2286 1422 2365 l

208 2421 355 2501 vulgatae
377 2424 449 2482 sunt
469 2420 508 2484 ab
526 2419 665 2483 instituto
686 2439 753 2483 meo
776 2438 838 2483 non
856 2420 973 2484 alienas
995 2420 1116 2497 cenoui3
1137 2420 1193 2484 sed
1206 2439 1297 2504 quum

209 2544 315 2592 earum
334 2548 408 2610 pars
428 2531 523 2611 longe
542 2529 677 2593 maxim
696 2531 731 2592 in
750 2546 811 2593 nno
832 2536 932 2594 exstet
952 2530 1051 2611 libro,
1072 2531 1297 2596 commentariis

209 2639 365 2704 societatis
384 2626 597 2722 hengalensls,
621 2643 652 2702 et
673 2637 783 2703 barum
798 2640 864 2723 jam
885 2659 905 2703 a
925 2638 1056 2705 sineno
1080 2638 1236 2703 confectus
1257 2640 1298 2703 sit

207 2749 317 2831 plenus
339 2746 431 2812 index
451 2748 484 2811 in
502 2746 530 2812 J
537 2740 651 2812 RAS.
673 2744 764 2829 sose.
775 2754 824 2813 12.
850 2754 942 2814 1841.
960 2767 992 2832 p.
1006 2750 1184 2831 too—lm
1207 2768 1299 2831 prae-

208 2864 294 2920 terea
315 2862 416 2921 autem
438 2876 499 2920 non
520 2876 623 2920 omncs
640 2854 707 2940 jam
727 2858 773 2920 ita
793 2857 855 2922 sint
877 2857 1058 2939 explicatae,
1078 2862 1112 2921 ut
1134 2857 1298 2921 historicus

207 2984 311 3029 earum
333 2984 476 3029 recensus
498 2965 618 3032 institui
636 2985 726 3047 posse
748 2967 900 3049 videatur,
923 2985 975 3031 eas
997 2986 1077 3031 nnnc
1097 2967 1194 3031 mitto.
1224 2965 1298 3044 Qni-

207 3072 265 3139 hus
286 3074 387 3143 causis
407 3081 562 3158 permotus
582 3094 657 3158 sum,
680 3082 715 3140 ut
735 3075 873 3141 libellum
898 3076 978 3139 hunc
999 3095 1061 3139 non
1082 3075 1299 3175 bibliothecam

207 3184 416 3266 inscriberem,
437 3185 492 3248 sed
515 3185 668 3266 specimen
688 3185 893 3249 bibliothecae
913 3187 965 3249 vel
989 3207 1010 3251 a
1030 3205 1078 3249 rne
1099 3186 1151 3250 vel
1172 3187 1211 3251 ab
1234 3186 1297 3251 alio
1422 3254 1423 3275 χ

210 3294 340 3379 quodam
360 3293 525 3379 aliquando
540 3293 752 3375 perficiendae.

308 3404 439 3467 omnino
460 3403 539 3467 enlm
561 3405 661 3486 magis
682 3421 772 3487 quem
791 3411 825 3468 nt
846 3406 957 3486 multa,
979 3404 1011 3468 id
1032 3404 1102 3489 egi,
1121 3411 1155 3468 ut
1175 3405 1219 3469 nil
1238 3404 1298 3469 nisi
1422 3480 1423 3501 χ

209 3609 245 3618 οι-
254 3611 264 3616 -
281 3609 504 3619 ..ψ--ω--μ-ῃ

307 3743 333 3813 ·)
354 3738 443 3806 Worja
463 3741 573 3808 Soocbi,
595 3756 625 3796 or
643 3741 792 3797 Reiutation
816 3742 846 3795 oi
869 3743 914 3795 tbe
932 3744 1104 3812 Argumenta,
1121 3757 1191 3810 upon
1211 3741 1299 3794 which
1422 3768 1423 3805 3

210 3837 255 3890 the
276 3835 453 3891 lirahmaoical
472 3837 667 3915 institutiones
683 3839 761 3892 Certe
786 3839 809 3891 is
828 3837 966 3904 bounded,
986 3839 1020 3905 by
1041 3838 1086 3891 the
1104 3830 1209 3892 learned
1228 3839 1299 3891 lico·
1422 3860 1423 3865 ¹

209 3933 278 3988 dhint
294 3932 393 3987 hrbwn
411 3932 532 3999 Gbosbu3
555 3963 583 3978 -
598 3932 664 4000 also,
681 3933 727 3989 the
744 3934 850 4003 Tunhu,
864 3937 906 4019 'by
925 3935 1078 3989 Soobrebee
1095 3933 1201 4004 Brpon,
1220 3935 1299 4004 being
1422 3934 1423 3947 ¹

210 4027 328 4098 rileply
346 4036 373 4082 to
391 4029 435 4082 the
454 4030 543 4096 WnrJ‘a
557 4030 661 4084 Soocbi.
682 4030 758 4104 1839.
777 4031 805 4086 8.

199 4146 202 4149 ·
308 4120 349 4179 cl.
364 4120 445 4181 Gatal.
465 4123 561 4180 Allenii
583 4122 650 4183 tdtt
670 4139 697 4196 p.
717 4126 760 4181 58.
