2896 4738
630 326 902 402 -170-’

507 528 685 591 Fabulae
704 531 742 583 et
760 530 1015 587 narramonea.

608 662 669 727 Post
689 665 707 728 δ
736 662 787 715 355
807 668 929 729 ponatur:

164 786 208 885 ξπ
319 780 442 859 utun.
468 778 487 819 *
513 778 750 877 Hitopades'a.
801 779 878 852 The
901 778 1062 853 Sanskrit
1086 779 1197 875 Text,
1224 780 1315 854 with

219 928 241 977 a
265 905 511 1002 grammatica!
537 907 708 1003 anaiysis,
737 906 1014 1007 alphabeticaliy
1037 907 1224 1006 arranged.
1260 911 1313 1007 By

220 1031 273 1105 Fa.
299 1028 461 1104 Joansort.

99 1212 105 1225 -
267 1154 438 1252 London,
462 1157 519 1230 W.
548 1157 660 1231 Allen.
697 1158 878 1255 Hertford,
903 1160 952 1233 St.
981 1162 1116 1233 Anatim.
1147 1161 1309 1234 1847.4.

213 1298 275 1386 pp.
291 1284 430 1377 tii-fol.
442 1292 475 1359 1.
497 1287 777 1391 pp.129(text.)
807 1294 879 1361 atu
896 1288 1041 1393 (gloss.)
1054 1287 1144 1380 foll.
1162 1288 1220 1362 tt.
1242 1315 1307 1389 pp.

220 1413 416 1509 dimetri„
623 1424 625 1431 ⁴

316 1529 393 1584 Liber
409 1532 438 1584 in
461 1547 536 1586 nsum
561 1531 669 1603 collegii
687 1533 878 1587 liertiordensis
901 1542 1014 1604 paratos.
1057 1536 1097 1589 Ad
1119 1543 1216 1588 textum
1243 1550 1312 1587 con-

217 1629 378 1683 formandum
399 1630 482 1682 editor
499 1645 528 1684 so
548 1645 623 1684 usum
641 1630 723 1684 fuisso
741 1632 876 1701 profitetur
894 1631 1051 1685 editionibus
1070 1634 1191 1702 principi,
1209 1632 1309 1685 Londi-

217 1727 292 1780 nensi
311 1735 338 1783 ct
355 1725 538 1797 Sclrlegeiiana
562 1736 640 1797 atque
658 1728 758 1780 dnobus
778 1729 852 1783 codd.
872 1728 1098 1794 Londinensibus;
1124 1726 1245 1783 editionis
1267 1738 1311 1781 ta-

164 1816 170 1841 ¹
199 1804 464 1877 'neritondtnensis
483 1824 563 1877 verba
578 1833 604 1876 et
618 1826 733 1878 ordinem
748 1827 804 1878 sere
823 1828 927 1878 omnino
942 1835 1045 1880 secutus
1058 1835 1104 1879 est
1135 1827 1198 1879 Eum
1211 1828 1311 1895 excipit

216 1921 345 1994 praefatio
364 1921 556 1990 ilitopedeuae,
576 1923 614 1974 uti
632 1922 686 1988 jam
707 1925 733 1974 in
752 1924 827 1994 primi
851 1923 910 1975 iibri
930 1925 1044 1976 editione
1063 1928 1103 1996 (§.
1122 1925 1187 1992 358)
1211 1924 1313 1977 iactum

216 2026 280 2084 eret,
301 2018 387 2071 latinis
406 2017 488 2070 literis
509 2020 638 2087 exscripta
657 2029 683 2071 ct
700 2018 914 2087 interpretatione
927 2020 1040 2092 dugiica
1057 2020 1194 2073 illustrata.
1230 2019 1312 2073 Glos-

215 2117 309 2169 sarium
329 2115 450 2168 methodo
469 2115 529 2182 itta,
546 2132 623 2184 quem
645 2120 670 2183 §v
690 2115 742 2170 248
765 2118 964 2185 descripsimus,
983 2119 1065 2187 pigris
1092 2116 1225 2186 discipulis
1251 2117 1312 2169 sine

215 2213 295 2267 dubio
317 2213 515 2282 percommode,
535 2213 686 2266 adornatam
708 2222 761 2280 est,
780 2231 867 2283 neque
890 2215 948 2266 loca
968 2213 1042 2281 iibri,
1059 2214 1086 2267 in
1104 2212 1198 2284 quibus
1227 2230 1313 2267 noea-

215 2311 276 2364 hula
293 2312 474 2377 inveniuntur,
492 2309 606 2363 indicata
625 2319 691 2382 suat.
730 2311 811 2367 t'nttn
833 2312 865 2364 tt
886 2327 938 2365 non
957 2313 1066 2379 signatis
1084 2312 1185 2364 additus
1205 2320 1245 2363 est
1264 2312 1309 2362 in-

215 2407 267 2460 dex
283 2406 425 2475 Anglicus,
441 2406 472 2459 ad
492 2408 643 2479 paginarum
662 2398 753 2461 versus
773 2392 897 2460 lectorem
916 2407 1055 2478 detegens,
1074 2410 1119 2483 qai
1138 2409 1221 2466 vicen
1239 2406 1312 2460 le'xi-

163 2510 166 2517 ’
215 2505 250 2557 dii
263 2504 368 2574 Anglici
388 2511 414 2556 ct
432 2504 558 2558 Sanskriti
578 2505 684 2573 explere
703 2505 795 2572 possit.

576 2650 582 2655 ·
683 2625 761 2678 ,374
779 2624 861 2678 adde:

153 2722 196 2772 tea
314 2723 533 2778 Sanskritamdiae
551 2628 701 2792 ,excerptffm
719 2723 815 2792 iegitur
833 2724 909 2776 etiam
923 2725 949 2775 in
964 2722 1131 2792 grammatica
1141 2722 1310 2776 thumnsrr

122 2802 129 2822 '
216 2820 294 2877 uto.
311 2840 339 2893 p.
359 2823 456 2877 e-ro.
478 2822 516 2891 (n.
537 2821 609 2890 stu).

596 3051 598 3060 ,
629 2995 897 3049 Grammaticos.

595 3110 658 3165 Post
678 3117 705 3179 ς.
725 3113 778 3166 383
799 3119 922 3183 ponatur:

157 3261 201 3312 suo
315 3231 431 3309 uttta.
458 3234 476 3273 *
501 3232 725 3331 Vopadeua’s
753 3228 1038 3328 Mugdhabodha
1069 3232 1312 3330 herausgege-

217 3362 291 3437 ben
316 3359 395 3461 und
421 3358 551 3433 erldiirt
577 3384 649 3433 ron
676 3357 719 3433 Ο.
746 3358 948 3434 Bdnrurdoa.

112 3468 116 3481 “
201 3563 203 3566 ⁴
263 3487 504 3581 superent),
528 3484 628 3585 gedr.
655 3485 717 3560 bei
744 3481 810 3557 der
836 3482 895 3556 Ao.
923 3482 960 3556 d.
986 3481 1170 3559 W.-1847·
1185 3487 1219 3560 8·
1243 3509 1308 3584 pp.

217 3638 297 3698 xtra.
320 3611 406 3688 465.

312 3752 397 3804 Editio
418 3754 453 3803 itu
472 3750 596 3802 adornata
613 3758 641 3802 nt
659 3726 756 3803 tdatum
778 3766 808 3801 ex
837 3750 952 3800 editione
972 3747 1130 3800 Caicuttensi
1156 3749 1216 3799 antri
1240 3744 1311 3800 1826

216 3853 377 3917 desumptam
397 3858 423 3901 et
446 3865 503 3901 unm
530 3848 610 3902 tribus
637 3848 769 3901 codicibus
800 3847 922 3901 cottatnn
947 3848 1078 3915 excipiant
1102 3864 1130 3916 p.
1153 3847 1209 3899 177.
1229 3843 1312 3897 index

218 3948 391 4012 decretorum,
407 3965 435 4018 p.
456 3947 507 4001 205
526 3947 713 4000 vocabulorum
733 3949 957 4016 grammaticorum
976 3945 1124 4014 explicatio,
1140 3962 1166 4014 p.
1187 3943 1239 3998 266
1257 3959 1311 3995 an-

218 4047 365 4100 notationes
390 4045 524 4097 maaimam
548 4053 646 4113 parturn
673 4047 796 4112 criticae,
819 4063 845 4116 p.
865 4045 916 4100 295
936 4044 1015 4097 index
1033 4040 1217 4098 vocabulorum
1238 4041 1311 4110 apud

219 4142 384 4216 inundemur
403 4149 666 4204 commemoraturum.
725 4168 728 4173 >
1250 4140 1253 4155 ¹
