2928 4734
547 318 795 392 ...61-

130 518 167 558 ras
184 503 265 558 missa
282 510 338 572 ost,
364 505 423 561 siue
444 505 522 559 dubio
549 514 589 561 est
611 509 651 573 is,
672 523 750 578 quem
774 503 864 559 titulus
882 503 1018 575 Anglicus'
1032 502 1160 575 designat.
1194 504 1219 558 Α

131 600 281 672 quibusnam
304 611 393 666 curata
420 604 534 671 inerint,
561 612 680 658 enarrant
705 607 753 658 triu
778 603 888 657 disticha
914 605 942 658 in
970 602 1022 657 dne
1046 602 1106 656 liltri
1123 603 1219 672 posita,

132 714 194 769 quse
213 699 296 753 latina
313 709 411 754 tantum
430 703 539 755 damusr
560 704 683 756 Societati
701 702 861 775 (kompint),
880 717 948 772 quae
968 709 1049 755 totum
1067 708 1153 753 terrae
1172 713 1219 751 or-

131 796 184 850 ltear
203 800 291 867 regit,
308 797 464 863 honoratus,
484 798 592 852 illustris
618 799 803 853 celeberrimus
832 801 859 852 in
885 801 960 852 terris
986 799 1077 851 dorent
1095 799 1220 851 Dominus

131 892 210 947 Wilso
230 893 357 966 (dilsanas
376 895 509 970 silurus),
527 895 602 962 cujus
618 896 744 949 inlinitum
762 896 954 950 elucescentem
968 898 1089 948 virtutum
1107 895 1219 963 copiam,

129 1004 193 1059 quae
210 989 329 1044 literatos
355 990 499 1058 exhilarat,
525 991 676 1061 praedicare
695 993 717 1044 si
739 1002 861 1057 conatur,
879 991 922 1044 vel
937 988 1026 1060 ‘ipsius
1047 990 1221 1060 Eloquentiae

129 1085 175 1139 Dei
195 1101 238 1139 ars
258 1088 285 1138 iu
303 1088 402 1141 irritum
422 1089 499 1141 cadit.
531 1088 579 1153 Qui
599 1088 657 1154 ejus
670 1089 789 1141 mandato
808 1098 835 1142 et
851 1087 986 1142 clarissimi
997 1089 1072 1142 Price
1085 1086 1221 1159 (praislsa),

128 1181 218 1236 iisdem
237 1185 375 1237 uirtutibus
395 1187 514 1254 insignis,
535 1188 561 1237 iu
581 1188 631 1238 hoc
649 1185 841 1254 Raglruaausaa
857 1202 959 1238 carmen
979 1201 993 1237 u
1012 1193 1145 1255 poetarum
1164 1200 1221 1236 ma-

127 1280 208 1348 gistro
220 1279 342 1333 tiattdum
361 1283 492 1335 conditum
512 1284 712 1335 commentarius
731 1286 790 1347 iste,
810 1280 1004 1336 Brutabodhiki
1025 1280 1173 1351 appellatus
1192 1288 1219 1334 et

128 1378 216 1445 pueris
236 1392 362 1447 perquam
380 1378 556 1445 desideratus,
575 1395 590 1430 a
613 1379 694 1432 tribus
715 1379 840 1448 deinceps
866 1380 929 1432 viris
957 1379 1040 1432 doctis
1062 1379 1221 1448 compositus

130 1481 178 1539 est,
197 1474 220 1526 is
241 1474 317 1526 bonis
335 1483 424 1543 gratus
444 1477 487 1529 sit.
524 1475 554 1528 lu
573 1476 675 1528 coelum
695 1485 787 1529 erecto
808 1476 908 1528 erudito
921 1475 1127 1541 Riurcovrarm,
1145 1483 1222 1544 post-

131 1585 207 1639 quam
226 1572 313 1639 operis
332 1570 464 1641 aliquam,
491 1581 518 1625 et
539 1573 689 1625 doctissimo
707 1573 888 1637 Ndradadrrr,
911 1583 1047 1641 postquam
1071 1570 1140 1624 haud
1164 1572 1222 1624 exi·

130 1682 207 1735 gnam
228 1675 327 1736 partem
348 1667 506 1738 perfecerat,
526 1671 606 1723 scitus
629 1669 850 1723 Puasac'nrrnars
872 1670 1081 1722 commentarium
1101 1667 1170 1721 hunc
1190 1667 1223 1720 sd

129 1763 206 1817 duem
226 1765 354 1832 perduxit.

228 1978 675 2062 16661666666111666Χ11.
699 1975 856 2043 Sanslrrite
880 1977 928 2042 ed.
953 1978 989 2043 0.
1013 1977 1281 2052 Bosarnrnomm

229 2086 358 2152 Scnskr.
382 2087 499 2151 Circei.
524 2086 613 2169 1845,
634 2105 667 2168 p.
685 2088 862 2153 too-213.

230 2276 251 2315 θ
272 2273 348 2355 Ajas
373 2273 435 2336 und
459 2272 618 2353 lndumati,
641 2273 711 2337 eine
732 2271 1059 2356 idyllischellomanze
1083 2292 1137 2339 aus
1154 2275 1223 2340 dem
1237 2285 1283 2339 tao

133 2381 288 2462 Sauslrrit3
311 2382 446 2465 Episode
476 2401 531 2446 aus
564 2383 632 2447 dem
660 2383 771 2446 aohten
798 2384 898 2447 Bache
929 2385 984 2448 des
1014 2385 1134 2449 nonlich
1163 2403 1225 2449 von

131 2492 269 2559 Smnzler
283 2491 579 2575 herausgegebenen
591 2492 795 2575 Rnghuvausa
817 2493 903 2558 eines
919 2492 1064 2575 epischen
1079 2495 1225 2559 Gedichts

136 2621 197 2667 von
216 2602 381 2681 Italicam,
404 2601 560 2666 ubersetzt
580 2619 642 2666 aon
663 2603 695 2666 F.
719 2604 879 2668 Ricnnnr.

231 2708 433 2794 Morpendlutt
453 2710 543 2775 1833.
566 2706 653 2774 Febr.
672 2729 705 2792 p.
720 2714 895 2777 167-168.
924 2713 1098 2778 aon-tot.

231 2822 328 2875 Versus
351 2836 417 2890 quos
437 2818 534 2889 selegit
551 2821 679 2889 interpres
701 2820 726 2871 lai
745 2829 822 2873 eunt:
845 2822 902 2876 Vlll
923 2823 1037 2877 32-64.
1057 2822 1171 2877 36-41.
1191 2823 1226 2875 43

136 2918 212 2974 -60,
233 2918 346 2973 62-61.
369 2917 483 2972 66-69.
502 2917 545 2972 61.
564 2917 678 2972 63-71.
698 2918 811 2971 73-86.
830 2918 874 2973 86.
894 2917 1009 2972 69-91.

412 3119 463 3200 2)
486 3111 958 3187 Karmdrnsambtrnvu

236 3258 320 3330 136.
342 3257 361 3296 *
372 3255 726 3329 Kumdrasambhara
738 3253 923 3328 Kalidisae
940 3279 1101 3348 carmen,
1116 3253 1225 3377 Sans-
1236 3279 1281 3329 tar

132 3382 226 3458 irrite
253 3396 290 3455 et
316 3382 440 3456 Latine
467 3380 585 3455 edrdrt
610 3382 647 3454 Α
670 3385 705 3454 F
728 3382 899 3455 Srsnzuea.

183 3509 326 3603 Berlin,
358 3533 412 3606 pr.
440 3507 497 3579 lor
529 3506 593 3579 the
619 3505 680 3581 Or.
706 3507 764 3580 Tr
793 3509 827 3579 F.
862 3506 1021 3582 Loudou
1057 3504 1139 3580 sold
1176 3509 1225 3605 by

132 3634 259 3733 Valpy.
290 3635 397 3707 1838.
423 3627 460 3702 ll.
481 3659 544 3734 pp.
571 3657 615 3705 tv.
646 3636 728 3709 139.

232 3753 353 3822 Quinque
377 3751 451 3804 codd.
480 3750 587 3805 londin.
611 3750 792 3805 liaraudrnss
819 3752 998 3804 recensionem
1021 3752 1173 3806 exhibentes
1199 3753 1227 3805 iu

131 3864 194 3904 tuos
211 3866 274 3904 usas
296 3850 372 3905 vertit
387 3849 478 3914 editor,
497 3846 625 3916 neglectis
644 3847 677 3900 de
694 3848 820 3901 industria
841 3857 941 3916 septem
960 3849 1029 3923 aliis.

232 4004 549 4070 liumirasambhavae
571 4005 746 4085 exordium,
769 4002 922 4068 sanskrite
953 4008 983 4068 et
1013 4003 1135 4089 anglice
1160 4021 1285 4080 curum

134 4113 384 4185 nuntiationibus
407 4115 455 4181 cd.
476 4115 526 4180 W.
548 4115 584 4180 Η.
607 4113 698 4181 Mitt..
