2864 4736
643 314 889 386 ..28-

163 520 208 572 toa
320 509 341 551 ⁴*
364 508 466 573 Ueber
488 507 643 592 Nighantu
663 507 724 570 und
746 505 875 573 Niruldi.
919 506 986 569 Von
1007 506 1045 569 A.
1066 506 1166 570 Kena.

320 618 436 682 Hoeler
465 617 640 698 Zeitscbrtft
668 614 722 698 [dr
753 616 801 678 die
835 615 1054 700 Wissenscbcft
1086 616 1141 679 der
1176 613 1318 695 Spreclte

227 725 316 794 1845.
342 728 354 791 Ι
378 723 552 795 tle-154.

166 1081 211 1133 ιω
323 1065 362 1118 lle
380 1066 422 1117 cui
441 1065 534 1118 deesse
554 1065 672 1120 videatur
689 1066 732 1118 bic
750 1065 988 1119 commemorandus
1009 1073 1049 1118 est
1067 1063 1149 1116 liber:

324 1185 382 1256 79.
407 1182 763 1259 *L’llzour-Vedam
797 1210 846 1258 ou
873 1184 1011 1257 llncien
1044 1181 1319 1279 commentaire

224 1309 272 1381 dn
299 1309 451 1405 Vedam‚
477 1308 684 1384 Contenant
709 1304 939 1410 l'exposition
966 1309 1030 1383 des
1057 1309 1231 1407 opinions
1256 1332 1321 1379 re-

221 1434 387 1531 ligieuses
411 1449 446 1507 et
472 1437 781 1536 philosophiques
804 1437 867 1510 des
890 1435 1045 1508 lndiens.
1097 1433 1246 1507 Traduit
1263 1431 1319 1507 du

223 1559 451 1637 Samscretan
476 1585 544 1659 par
567 1587 617 1635 un
640 1564 780 1637 Brame.
834 1564 933 1634 lleru
952 1576 988 1633 et
1005 1560 1129 1659 publie
1147 1583 1234 1632 avec
1249 1556 1318 1629 des

223 1685 474 1758 observatione
498 1687 784 1784 preliminaires‚
816 1686 880 1759 des
907 1700 1012 1759 notes
1038 1700 1073 1758 et
1098 1684 1163 1758 des
1190 1683 1322 1757 eelair-

222 1812 443 1884 cissements.
478 1813 589 1888 Teme
612 1813 643 1886 I.
669 1814 718 1886 ΙΙ.
1304 1803 1315 1813 ”

179 1962 184 1972 ·
271 1935 465 2032 Yverdon‚
491 1938 538 2011 de
565 1938 679 2011 Felice
708 1944 815 2013 1778.
843 1942 875 2012 8.
898 1967 962 2041 pp.
983 1943 1066 2012 232.
1094 1932 1177 2013 269.

168 2181 212 2228 roe
325 2160 383 2232 80.
411 2156 470 2227 *l
497 2155 551 2227 Ira
577 2157 843 2254 Uebersetznng
868 2155 945 2228 und
966 2152 1203 2228 Commentar
1226 2157 1324 2229 iiber

225 2283 299 2357 den
324 2281 621 2356 Emer-Vadam.
675 2282 776 2355 Oder
801 2282 862 2354 die
889 2281 1127 2377 Gesehiehtc‚
1155 2283 1322 2380 Religion

224 2407 303 2480 arnd
330 2408 569 2505 Philosophia
596 2406 662 2479 der
687 2406 818 2480 lndier.
845 2408 987 2482 Erstcr.
1015 2406 1182 2483 chiter
1200 2407 1322 2482 Theti.
1422 2378 1423 2461 l

275 2535 357 2631 Lpz.
384 2535 445 2605 bei
470 2531 588 2605 Wolff.
615 2557 643 2606 s·
660 2559 695 2606 a.
724 2536 756 2605 8.
780 2534 1103 2632 [4790120150.
1129 2533 1169 2603 ll.
1185 2530 1268 2605 299.

324 2670 453 2722 Praelatio
473 2671 570 2737 scripta
588 2677 628 2723 est
647 2668 724 2720 dies
746 2668 802 2720 dec.
821 2668 897 2733 1778,
918 2667 986 2720 unde
1008 2668 1074 2719 liber
1096 2667 1164 2721 1779
1183 2669 1252 2720 loras
1272 2670 1324 2721 da-

225 2775 266 2820 tus
287 2768 368 2820 luisse
387 2765 497 2819 videtur.

170 3007 215 3057 roa
328 2973 386 3043 81.
412 2967 509 3040 *Die
535 2963 753 3039 Sittenlebre
787 2961 854 3035 der
880 2963 1101 3035 Brahminen
1131 2962 1223 3038 oder
1261 2962 1325 3037 die

228 3097 393 3193 Religion
416 3093 483 3166 der
507 3089 687 3163 Indianer.
738 3089 945 3160 Uebersebzt
970 3114 1044 3160 uon
1065 3088 1093 3159 J.
1120 3087 1186 3160 lrn.

278 3223 372 3292 Rern
399 3216 477 3291 und
501 3218 584 3316 Lpz.
609 3230 750 3313 typogr.
772 3212 963 3297 Gesellach.
996 3209 1100 3285 1799.
1128 3219 1161 3289 8.
1185 3211 1323 3317 ppllll.

233 3351 315 3422 128.
345 3348 427 3420 150.
457 3341 541 3419 949.
588 3406 591 3414 .

328 3487 418 3539 Editor
437 3485 485 3536 luit
503 3481 721 3544 sinn-cion,
741 3479 785 3548 qui
804 3478 835 3545 iu
851 3476 1013 3545 praelatione
1033 3476 1152 3546 exemplu
1170 3493 1241 3542 mss,
1261 3479 1324 3546 qui-

230 3589 278 3640 bus
299 3603 361 3639 usus
382 3593 429 3650 est,
449 3583 594 3650 descripsit.
633 3581 703 3632 llaec
721 3580 848 3646 interpres
866 3581 1030 3646 germanicus
1048 3578 1074 3629 in
1096 3593 1142 3630 suu
1162 3577 1325 3645 praelatione

174 3703 181 3737 ,·
229 3685 334 3752 repetiit
361 3690 387 3734 et
410 3678 542 3732 nonnullis
566 3676 775 3729 annotationibus
795 3674 926 3727 historiam
952 3674 1012 3727 libri
1040 3673 1217 3742 spectantibus
1241 3673 1324 3724 auxit.

230 3782 335 3836 Addidit
354 3786 489 3848 praetcrea
516 3776 687 3844 fragmentum
711 3788 726 3824 e
745 3772 812 3824 libro
830 3771 999 3842 Bapuendorn
1016 3787 1042 3839 pr
1062 3771 1205 3824 228-242
1228 3785 1243 3820 e
1262 3785 1325 3821 ver-

232 3882 307 3939 sione
324 3892 371 3929 ms.
392 3872 578 3943 francogalliea
597 3870 769 3938 desumptum.
810 3869 900 3921 Altera
922 3868 967 3920 illa
993 3867 1072 3923 editio
1097 3867 1245 3935 germanica
1272 3867 1325 3918 nisi

233 3992 303 4031 novo
323 3977 398 4029 titulo
416 3991 431 4027 a
451 3975 530 4042 priori
548 3988 602 4024 non
617 3971 708 4023 differt.
746 3969 799 4022 lam
818 3975 926 4035 constat,
945 3965 1038 4018 librum
1058 3965 1251 4034 supposititium
1264 3980 1325 4017 esse

233 4084 313 4144 atque
335 4073 367 4126 ab
394 4073 526 4124 emissario
555 4067 665 4138 quodam
683 4067 812 4130 Romano,
841 4061 1008 4132 probabiliter
1030 4062 1094 4116 Rea.
1116 4078 1149 4116 nn
1167 4061 1325 4133 Nemausus,

233 4169 390 4226 conlectam.
427 4165 456 4221 ld
476 4165 677 4220 demonstratum
698 4170 738 4217 est
757 4163 785 4215 in
802 4160 1018 4214 commentatione
1031 4148 1101 4211 'baal
