2864 4736
640 354 871 406 ..Π-

216 520 306 587 libris
326 530 486 606 peruterer
508 529 665 594 materiem
689 532 855 615 colligere,
880 551 940 618 qua
957 533 1078 605 ratione
1099 534 1172 618 quid
1193 533 1303 599 bucus-
1363 530 1366 535 '

217 651 275 717 que
296 633 456 718 effecerim,
479 637 512 702 id
537 659 618 704 nunc
639 660 730 726 quum
752 642 807 706 vix
830 663 900 725 spes
924 652 1004 707 esset
1025 646 1093 708 iore
1114 651 1149 708 ut
1169 643 1220 708 bic
1242 650 1305 708 ter-

212 762 317 807 rarum
338 747 448 829 augeri
476 750 589 831 possit,
611 758 707 834 atque·
724 760 757 815 ut
777 754 879 818 datam
900 754 1087 835 bibliopolae
1116 755 1205 818 tidem
1236 761 1305 819 tan·

214 852 281 917 dem
302 857 471 939 solverem,
493 862 580 940 prelo
602 860 788 925 committere
811 862 967 942 constitui,
997 882 1168 948 quanquam
1190 862 1302 927 librum

212 963 346 1027 noudum
366 966 503 1030 omnibus
532 969 666 1032 numeris
697 969 868 1035 absolutum
899 991 966 1035 esse
991 991 1077 1035 nemo
1108 990 1156 1034 me
1187 973 1303 1036 clarius

212 1074 387 1156 perspiciat

309 1186 355 1249 Ne
376 1185 524 1267 ignorent
544 1187 692 1265 lectores,
714 1186 787 1271 quid
809 1187 842 1249 in
864 1186 922 1251 hac
941 1188 1127 1254 bibliotheca
1150 1208 1298 1274 quaerere
1424 1198 1425 1205 ’

210 1295 347 1377 possint,
372 1295 478 1378 paucis
500 1296 572 1381 quid
592 1295 744 1361 voluerim
769 1299 982 1378 exponendum
1009 1306 1064 1364 est
1115 1299 1300 1364 posthabitis

126 1414 129 1419 ’
209 1402 299 1467 libris
322 1405 474 1486 omnibus,
497 1406 549 1487 qui
565 1405 762 1490 antiquitates
782 1407 902 1470 lndicas
925 1414 956 1470 et
978 1408 1193 1490 grammaticae
1215 1427 1298 1472 com-

209 1512 401 1595 parationem
422 1520 580 1597 spectant,
601 1515 633 1578 id
657 1515 725 1597 egi,
748 1521 783 1577 ut
802 1516 870 1598 ipsa
891 1522 1007 1580 tantum
1035 1517 1162 1600 linguae
1193 1518 1300 1582 litera·

210 1640 336 1708 rumque
358 1625 587 1691 sanskritarum
605 1630 799 1689 monumenta
818 1626 973 1709 hucusque
996 1627 1080 1692 edite
1105 1634 1136 1690 et
1164 1646 1241 1710 quae
1261 1627 1301 1692 ad

209 1751 314 1795 eorum
335 1735 574 1798 illustrationem
593 1735 709 1817 scripta
731 1735 810 1816 sint,
830 1754 1029 1801 recenserem.
1072 1738 1158 1800 Unde
1177 1744 1301 1819 praeter

208 1848 347 1906 textuum
369 1844 519 1909 editiones
536 1851 667 1928 quatuor
687 1845 871 1926 scriptorum
891 1847 1005 1909 classes
1033 1847 1066 1909 in
1095 1867 1217 1911 censum
1246 1867 1300 1910 ve-

206 1969 290 2015 nere.
340 1953 473 2017 Primam
504 1954 641 2016 efficiunt
667 1954 741 2017 libri
770 1955 962 2035 grammatici
986 1961 1017 2018 et
1044 1956 1162 2038 lexico,
1190 1955 1299 2039 quibus

208 2067 336 2143 propter
365 2061 466 2143 poesis
500 2062 685 2127 dramaticae
716 2083 801 2127 usum
837 2064 928 2126 etiarn
958 2065 1143 2147 pracriticae
1172 2065 1298 2147 linguae

207 2169 415 2235 institutiones
438 2170 655 2255 adjungendae
678 2179 783 2253 erant,
808 2191 978 2257 quanquam
1006 2173 1130 2236 dialecti
1152 2175 1299 2255 vulgares
1373 2261 1377 2269 Ι
1424 2254 1425 2265 ¹

207 2281 246 2345 ab
268 2279 408 2344 instituto
429 2301 496 2346 meo
520 2288 622 2345 essent
646 2281 774 2346 alienae.
828 2282 1001 2346 Secundum
1031 2284 1132 2345 locum
1161 2283 1298 2347 obtinent

206 2390 426 2455 translationes
448 2410 488 2455 ex
507 2392 577 2473 ipsa
597 2392 759 2455 sanskritu
777 2391 810 2454 in
835 2392 960 2475 linguas
982 2393 1160 2474 Eiuropaeas
1184 2394 1295 2456 factae.

207 2498 449 2566 Commemoravi
471 2520 546 2584 quas
570 2508 659 2566 notas
689 2500 783 2566 babui
806 2521 927 2583 omnen,
952 2501 1010 2565 etsi
1039 2500 1121 2565 inter
1146 2520 1217 2582 eas,
1240 2502 1296 2565 im.

203 2610 311 2695 primis
331 2612 412 2675 inter
432 2611 631 2677 Germanicas
652 2611 731 2694 sint,
759 2612 797 2675 de
826 2610 934 2693 quibus
955 2610 1065 2674 merito
1093 2610 1234 2692 dubites,
1256 2630 1298 2676 an

204 2719 293 2784 libris
316 2720 414 2785 doctis
436 2721 701 2802 annumerandae,
727 2719 799 2805 quin
823 2739 863 2782 au
885 2720 1008 2784 omnino
1029 2739 1087 2803 pru
1116 2721 1296 2785 translatio·
1422 2714 1423 2723 ’

203 2830 293 2895 nibus
313 2830 473 2896 habendae
495 2831 566 2894 sint
609 2832 655 2894 lle
675 2830 714 2893 iis
734 2830 871 2893 conferri
891 2831 1000 2911 velim,
1025 2848 1102 2912 quae
1122 2849 1220 2911 nuper
1240 2829 1296 2893 ad-

203 2942 323 3005 modum
346 2943 446 3006 iacete
470 2948 501 3004 et
522 2958 596 3005 vere
624 2940 769 3004 disseruit
795 2940 1021 3003 Bouunrsrnros
1051 2940 1084 3004 in
1105 2940 1297 3021 praelatione

202 3051 465 3142 Viliramorvapis.
520 3052 583 3117 Sed
603 3069 708 3114 earum
730 3051 877 3116 delectum
899 3054 1002 3113 iacere
1023 3069 1121 3113 meum
1145 3070 1208 3113 non
1230 3071 1297 3114 esse
1420 3090 1421 3097 κ

199 3159 349 3244 judicavi.
392 3160 521 3225 Exclusi
542 3168 642 3224 autem
664 3179 777 3239 omnes,
801 3179 879 3242 quae
898 3164 952 3222 aut
972 3158 1004 3221 in
1019 3158 1173 3224 Asiaticas
1193 3161 1295 3222 factae

202 3278 274 3334 sunt
296 3278 350 3337 aut
371 3271 470 3334 denuo
494 3290 535 3334 ex
560 3268 609 3334 bis
634 3270 668 3333 in
693 3276 817 3333 nostras
846 3287 1014 3334 conversae
1040 3268 1174 3351 linguas.
1217 3270 1294 3332 lllae

202 3381 282 3446 euim
303 3381 404 3463 magis
425 3381 466 3445 ad
495 3399 616 3463 earum,
638 3380 747 3463 quibus
779 3362 970 3460 conscriptae
1002 3384 1089 3460 sunt,
1117 3378 1293 3460 linguarum

202 3489 309 3554 literas
331 3490 487 3571 pertinere
507 3489 669 3566 videntur3
690 3488 738 3552 his
761 3494 862 3553 autem
884 3488 1080 3551 recensendis
1106 3488 1198 3552 etiam
1223 3487 1292 3552 ideo

201 3618 250 3662 me
273 3599 421 3680 imparem
442 3598 542 3680 sensi,
565 3599 637 3684 quia
658 3599 710 3661 vel
730 3598 820 3661 unius
841 3590 1075 3662 Panc‘atantrae
1094 3597 1290 3679 imitationes,

202 3714 351 3793 quotquot
373 3708 407 3771 in
433 3708 571 3772 omnibus
592 3710 659 3772 fere
688 3706 871 3770 nostratium
898 3706 1017 3789 linguis
1039 3711 1178 3788 exstant,
1206 3705 1291 3768 locu·
1417 3754 1418 3761 κ

201 3820 347 3902 pletiores
363 3826 524 3901 poscerent
546 3819 652 3900 copias
674 3815 851 3898 literariaS,
875 3835 965 3900 quam
985 3833 1063 3898 quae
1084 3814 1158 3878 milri
1180 3833 1290 3897 suppe-

201 3936 309 3993 terent
363 3928 634 4011 interpretationes
671 3927 827 4009 excipiunt
860 3927 1007 4008 opuscula
1037 3942 1161 3987 numero
1191 3924 1290 3987 adbuc
1416 3924 1417 3943 ¹

198 4060 318 4122 pauca,
341 4058 420 4123 quae
450 4040 489 4103 ad
518 4040 659 4122 singulos
688 4037 855 4119 scriptores
885 4034 1088 4099 illustrandos
1116 4033 1291 4115 conscripta
1415 4106 1416 4109 Ἴ

198 4158 296 4213 sunta
331 4150 444 4214 Ultimo
477 4151 548 4213 loco
576 4146 730 4213 hominum
762 4148 920 4210 doctorum
951 4144 988 4208 de
1013 4143 1103 4208 libris
1133 4161 1290 4225 censuras,
