2864 4736
637 348 900 402 ...Μ-

225 524 471 608 Klaprotbiano,
493 526 690 609 Nyerupiano
719 525 747 608 §.
768 530 833 592 588
863 527 1033 608 recensito,
1059 546 1158 612 neque
1187 547 1314 611 prorsus

228 653 335 699 carere
366 636 452 718 potui
486 636 620 716 tabulis,
653 656 729 721 quas
764 638 924 702 ediderunt
955 638 1076 704 librarii
1105 638 1314 703 bondineuacs

226 740 377 829 Perburp
397 739 496 810 Allan
523 742 666 811 44104.
689 748 889 813 4414141881.
913 751 1126 829 18881885,
1164 745 1314 833 Porbarp

225 844 489 936 1441041881,
525 850 604 919 Wm.
628 853 670 920 ll.
693 852 791 920 Alica
817 855 883 921 aad
903 852 961 922 Co.
984 861 1084 936 1840,
1111 854 1145 920 J.
1168 853 1312 923 1141144

224 961 290 1026 und
309 957 366 1026 00.
389 967 482 1027 1888.
504 967 715 1042 1841.1848;
739 966 857 1050 quibus,
880 985 1051 1050 quanquam
1067 966 1150 1029 omui
1171 967 1312 1031 cautione

223 1070 369 1152 adbibita,
391 1071 485 1135 semel
506 1091 617 1137 vereor
637 1092 676 1136 ne
695 1075 728 1138 in
752 1093 891 1139 errorem
912 1075 1068 1158 conjectus
1088 1076 1155 1156 sim,
1177 1076 1223 1139 ati
1245 1075 1311 1140 uixi

222 1177 251 1260 §.
274 1183 344 1242 492.
387 1180 534 1244 Nonnulli
557 1181 638 1245 tituli
666 1182 739 1246 mibi
764 1189 854 1248 erant
875 1182 1069 1248 rescribendi
1091 1204 1108 1247 e
1131 1184 1309 1249 societatum

221 1288 428 1353 Asiaticorum
449 1289 631 1354 Parisiensis
654 1298 685 1355 et
705 1292 908 1356 borbinensis
930 1292 1164 1374 commentariis,
1185 1293 1217 1356 iu
1240 1292 1309 1376 qui-

220 1398 278 1461 bus
300 1399 338 1461 14
359 1397 449 1463 libris
480 1399 559 1462 ‹lono
583 1401 715 1482 acceptis
739 1403 852 1465 reterri
876 1401 964 1467 solet
1018 1405 1115 1479 Quum
1144 1402 1226 1467 iuter
1252 1401 1308 1466 bos

219 1527 312 1590 saepe
340 1509 537 1590 reperiantur
563 1510 713 1575 rarissimi
745 1514 797 1576 vel
823 1512 856 1576 in
888 1512 1067 1597 longinquis
1102 1513 1195 1577 terris
1225 1513 1308 1594 editi,

218 1636 324 1680 eorum
344 1623 407 1680 tum
429 1617 462 1681 in
482 1619 671 1682 eruditorum
695 1622 889 1702 commodum,
909 1628 973 1685 tum
992 1627 1119 1704 propter
1140 1620 1307 1687 observan-

219 1727 294 1793 tia'm
312 1746 390 1810 erga
407 1746 564 1792 munerum
587 1735 729 1793 auctores
751 1738 927 1796 accuratam
946 1734 1142 1814 exspectares
1162 1732 1307 1815 designa·

219 1839 341 1902 tionem.
384 1837 495 1902 Nescio
516 1845 617 1903 autem
638 1839 690 1924 qui
707 1842 780 1923 141,
801 1847 834 1904 ut
854 1841 898 1905 ibi
924 1841 1006 1906 111411
1026 1844 1203 1925 plerumque
1229 1843 1306 1906 satis

218 1949 416 2031 negligenter
437 1948 526 2033 quasi
555 1948 593 2012 ab
614 1950 757 2030 imperita
784 1970 875 2015 manu
903 1970 1000 2035 neque
1027 1953 1191 2016 secunlum
1217 1955 1305 2035 leges

219 2057 296 2120 artis
317 2056 582 2139 bibliograpbieae
610 2057 644 2120 in
666 2057 743 2139 ipsis
771 2057 835 2122 illis
865 2059 957 2123 terris
986 2065 1049 2124 tam
1076 2061 1184 2125 sedulo
1205 2064 1334 2130 cultae·

218 2167 363 2250 descripti
386 2168 456 2232 siut.
499 2168 612 2232 Ultimo
637 2170 707 2231 loco
731 2168 813 2231 inter
832 2170 933 2233 fontes
955 2189 1039 2235 meos
1067 2190 1305 2236 commemoran-

218 2279 286 2342 dum
309 2284 356 2341 est
375 2277 449 2341 libri
470 2277 688 2360 Adelungianis
703 2281 883 2362 exemplum,
905 2282 987 2364 quod
1006 2300 1026 2344 a
1046 2302 1080 2345 se
1100 2288 1221 2347 suebum
1240 2302 1303 2346 me-

217 2406 284 2450 cum
304 2387 400 2451 amice
420 2387 697 2453 communicaverat
720 2385 766 2451 cl.
788 2387 972 2472 Scabrzms,
994 2391 1074 2454 uude
1096 2397 1219 2473 praeter
1242 2391 1305 2455 alia

216 2497 365 2580 quaedam
395 2515 591 2561 censurarum
619 2496 652 2560 in
679 2496 871 2579 Repertorils
898 2498 1107 2579 lipsiensibus
1134 2506 1164 2563 41
1188 2500 1303 2564 libellis

215 2606 363 2671 litorariis
372 2604 512 2670 Cottonis
527 2605 677 2670 editarum
693 2606 831 2671 notitiam
843 2607 876 2670 iu
890 2627 955 2671 rem
963 2627 1062 2674 meam
1070 2610 1156 2690 potui
1171 2615 1302 2674 vertere.

314 2716 361 2778 lie
389 2713 544 2778 scribendi
574 2735 635 2800 qua
660 2727 733 2780 usus
765 2736 830 2779 sum
861 2717 982 2780 ratione
1007 2724 1126 2782 restant
1155 2720 1304 2809 quaenam

214 2824 387 2888 indicanda.
430 2826 547 2906 Opera,
569 2843 648 2908 quae
670 2844 724 2888 suo
748 2824 838 2887 titulo
861 2845 900 2889 ac
927 2825 1048 2889 nomine
1070 2829 1212 2890 volumen
1234 2830 1301 2892 4111-

214 2933 314 3014 ciunt,
336 2933 375 2998 ab
399 2933 455 3008 114,
482 2951 559 3018 qnae
581 2934 660 2999 alius
683 2934 756 2998 libri
784 2940 903 3017 partem
933 2936 1112 3018 instituunt,
1132 2937 1302 3021 majoribus

212 3043 313 3108 literis
331 3050 362 3106 41
384 3062 509 3107 nurnero
531 3045 675 3108 continuo
699 3044 842 3110 distincta
862 3051 942 3110 sunt.
985 3046 1044 3111 Ubi
1057 3046 1168 3110 libere
1189 3047 1301 3130 majori

214 3171 307 3235 opere
330 3154 421 3218 etiam
443 3154 608 3236 separatim
630 3155 799 3235 descriptus
822 3162 967 3236 exstaret,
990 3157 1087 3238 priori
1108 3159 1201 3222 classi
1221 3159 1300 3223 assi-

212 3263 353 3347 gnandus
381 3263 562 3346 videbatur,
593 3263 702 3328 sibae
732 3266 832 3330 forma
857 3264 976 3329 venalis
1002 3266 1179 3349 propositus
1210 3274 1299 3332 esset

210 3375 246 3435 ln
268 3372 527 3437 transscribendis
550 3374 661 3438 indicis
691 3393 837 3457 quasnam
864 3379 991 3457 regulas
1021 3376 1094 3439 mibi
1123 3378 1299 3458 scripserim

209 3479 302 3545 facile
326 3481 511 3563 perspicient
531 3483 593 3547 viri
614 3484 772 3547 sauskro'te
793 3484 885 3548 14411.
928 3487 1077 3567 Imprimis
1106 3505 1198 3551 curae
1225 3487 1298 3551 mibi

209 3590 285 3671 fuit,
308 3595 343 3654 ut
361 3591 537 3656 accentibus
562 3593 740 3675 punctisque
770 3595 811 3658 41
837 3594 944 3658 literas
972 3596 1205 3680 distinguendas
1225 3617 1297 3681 par·

207 3716 317 3782 cerem,
338 3720 437 3784 neque
452 3702 545 3764 facile
566 3701 682 3765 orietur
702 3702 896 3786 ambiguitas,
918 3704 945 3769 si
965 3725 1058 3770 unum
1071 3705 1130 3769 boc
1150 3708 1297 3790 excipias,

208 3829 257 3874 me
278 3811 463 3876 anusvbram
483 3810 693 3874 inconstanter
715 3813 803 3875 modo
826 3832 882 3896 per
903 3835 923 3877 n
945 3816 1065 3880 literam
1084 3819 1174 3881 modo
1193 3837 1250 3901 per
1265 3838 1296 3882 m

206 3917 395 3999 4411111444,
434 3921 516 4003 quob
546 3920 694 3984 neminem
727 3920 852 4005 linguae
877 3924 1008 4007 peritum
1039 3927 1153 3990 morari
1184 3934 1292 4009 potest.

206 4029 378 4111 bengabca
399 4027 496 4093 satius
520 4028 616 4094 114414
639 4038 686 4094 441
705 4030 749 4095 ita
770 4032 925 4115 exhibere,
945 4041 979 4098 ut
999 4034 1068 4117 ipsa
1086 4038 1148 4100 tert
1166 4038 1293 4122 scriptio

209 4135 385 4226 posthabita
403 4138 619 4222 pronuntianti
638 4141 767 4207 ratione.
872 4222 877 4240 Ι
1286 4127 1288 4133 ’
